<?xml version="1.0" encoding="UTF-8"?><collection xmlns="http://www.loc.gov/MARC21/slim"><record><leader>00566nam--2200205-i-4500</leader><controlfield tag="001">000009847</controlfield><controlfield tag="002">20161230</controlfield><controlfield tag="005">20170108230746</controlfield><controlfield tag="008">060222s1000------------r-----000-0-rum-d</controlfield><datafield ind1=" " ind2=" " tag="040"><subfield code="a">IFIN-HH</subfield></datafield><datafield ind1=" " ind2=" " tag="041"><subfield code="a">rum</subfield></datafield><datafield ind1=" " ind2=" " tag="080"><subfield code="a">539.16</subfield></datafield><datafield ind1="1" ind2=" " tag="100"><subfield code="a">Calboreanu, A</subfield></datafield><datafield ind1="1" ind2="0" tag="245"><subfield code="a">Tabel cu radiatiile gama ale izotopilor radioactivi</subfield><subfield code="c">A. Calboreanu, Em.Dudleanu, C.Pencea, O.Salagean</subfield></datafield><datafield ind1=" " ind2=" " tag="260"><subfield code="a">Bucuresti</subfield><subfield code="b">Ifa</subfield><subfield code="c">s. a</subfield></datafield><datafield ind1=" " ind2=" " tag="300"><subfield code="a">2 parti</subfield></datafield><datafield ind1="1" ind2=" " tag="700"><subfield code="a">Salagean, O</subfield></datafield><datafield ind1="1" ind2=" " tag="787"><subfield code="a">Partea A Doua</subfield><subfield code="h">/252 p./534 p</subfield></datafield><datafield ind1=" " ind2=" " tag="852"><subfield code="a">35660</subfield><subfield code="c">539.16</subfield></datafield><datafield ind1=" " ind2=" " tag="CAT"><subfield code="a">SYS</subfield><subfield code="c">20170108</subfield><subfield code="h">230746</subfield></datafield></record></collection>